@article{Cela,
author = {A. Cela, R. Pandharipande, J. Schmitt},
title = {Tevelev degrees and Hurwitz moduli spaces},
url = "https://arxiv.org/pdf/2103.14055"
}

@article{Schmitt,
author = {Johannes Schmitt and Jason van Zelm},
title = {Intersections of loci of admissible covers with tautological classes},
url = "https://arxiv.org/pdf/1808.05817"
}

@article{Generalized,
author = {Alessio Cela and Carl Lian},
title = {Generalized Tevelev Degrees of $\mathbb P^1$},
url = "https://arxiv.org/pdf/2111.05880"
}

@article{Lian,
author = {Carl Lian},
title = {Non-Tautological Hurwitz Cycles},
url = "https://arxiv.org/pdf/2101.11050"
}

@book{Harris,
author = {Arbarello, Cornalba, Griffiths and Harris},
title = {Geometry of Algebraic Curves}
}

@article{Admissible,
author = {Joe Harris and David Mumford},
title = {On the Kodaira Dimension of the Moduli Space of Curves}
}

@book{Moduli,
author = {Joe Harris and Ian Morrison},
title = {Moduli of Curves}
}

@article{Completed,
author = {A. Okounkov and R. Pandharipande},
title = {Gromov-Witten theory, Hurwitz theory, and completed cycles}
}

@article{Vakil,
author = {Ravi Vakil},
title = {The Moduli Space of Curves and Its Tautological Ring},
utl = "https://www.ams.org/notices/200306/fea-vakil.pdf"
}